<collection xmlns="http://www.loc.gov/MARC21/slim">
<record>
  <leader>00581nam0a22001331i 450 </leader>
  <controlfield tag="001">IT\ICCU\CNCE\055132</controlfield>
  <controlfield tag="005">20200422000000.0</controlfield>
  <datafield tag="100" ind1=" " ind2=" ">
    <subfield code="a">20031224d1550        0itac0103    ba</subfield>
  </datafield>
  <datafield tag="102" ind1=" " ind2=" ">
    <subfield code="a">IT</subfield>
  </datafield>
  <datafield tag="200" ind1="1" ind2=" ">
    <subfield code="a">Ad sereniss. Angliae regem, etc. Ecclesiae Christi defensorem, Eduardum VI. De creatione Iulij III pontificis Rom. tum quid de eius papatu sperari possit</subfield>
  </datafield>
  <datafield tag="210" ind1=" " ind2=" ">
    <subfield code="d">1550</subfield>
  </datafield>
  <datafield tag="215" ind1=" " ind2=" ">
    <subfield code="a">23, \1! p.</subfield>
    <subfield code="d">8ʻ</subfield>
  </datafield>
  <datafield tag="300" ind1=" " ind2=" ">
    <subfield code="a">ELIMINATO, non  ̈stampato in ItaliaPer l&apos;autore cfr.: F. Hubert, Vergerios publizistische Tht̃igkeit nebst einer bibliographischen bersicht, p. 276</subfield>
  </datafield>
  <datafield tag="801" ind1=" " ind2="3">
    <subfield code="a">IT</subfield>
    <subfield code="b">ICCU</subfield>
    <subfield code="c">20201115</subfield>
  </datafield>
</record>
</collection>
